@article{iglovikov2018ternausnetv2,
  title={TernausNetV2: Fully Convolutional Network for Instance Segmentation},
  author={Iglovikov, Vladimir I and Seferbekov, Selim and Buslaev, Alexander V and Shvets, Alexey},
  journal={arXiv preprint arXiv:1806.00844},
  year={2018}
}

@article{shvets2018automatic,
  title={Automatic Instrument Segmentation in Robot-Assisted Surgery Using Deep Learning},
  author={Shvets, Alexey and Rakhlin, Alexander and Kalinin, Alexandr A and Iglovikov, Vladimir},
  journal={arXiv preprint arXiv:1803.01207},
  year={2018}
}


@article{ucsw2013united,
  title={United states cancer statistics: 1999--2010 incidence and mortality web-based report},
  author={UCSW Group and others},
  journal={US Department of Health and Human Services, Centers for Disease Control and Prevention and National Cancer Institute, Atlanta, GA, Report. http://www. cdc. gov/uscs},
  year={2013}
}


@article{gutman2016skin,
  title={Skin lesion analysis toward melanoma detection: A challenge at the international symposium on biomedical imaging (ISBI) 2016, hosted by the international skin imaging collaboration (ISIC)},
  author={Gutman, David and Codella, Noel CF and Celebi, Emre and Helba, Brian and Marchetti, Michael and Mishra, Nabin and Halpern, Allan},
  journal={arXiv preprint arXiv:1605.01397},
  year={2016}
}


@article{mishra2016overview,
  title={An overview of melanoma detection in dermoscopy images using image processing and machine learning},
  author={Mishra, Nabin K and Celebi, M Emre},
  journal={arXiv preprint arXiv:1601.07843},
  year={2016}
}



@article{berseth2017isic,
  title={ISIC 2017-skin lesion analysis towards melanoma detection},
  author={Berseth, Matt},
  journal={arXiv preprint arXiv:1703.00523},
  year={2017}
}


@inproceedings{codella2018skin,
  title={Skin lesion analysis toward melanoma detection: A challenge at the 2017 international symposium on biomedical imaging (ISBI), hosted by the international skin imaging collaboration (ISIC)},
  author={Codella, Noel CF and Gutman, David and Celebi, M Emre and Helba, Brian and Marchetti, Michael A and Dusza, Stephen W and Kalloo, Aadi and Liopyris, Konstantinos and Mishra, Nabin and Kittler, Harald and others},
  booktitle={Biomedical Imaging (ISBI 2018), 2018 IEEE 15th International Symposium on},
  pages={168--172},
  year={2018},
  organization={IEEE}
}


@article{simonyan2014very,
  title={Very deep convolutional networks for large-scale image recognition},
  author={Simonyan, Karen and Zisserman, Andrew},
  journal={arXiv preprint arXiv:1409.1556},
  year={2014}
}


@inproceedings{he2016deep,
  title={Deep residual learning for image recognition},
  author={He, Kaiming and Zhang, Xiangyu and Ren, Shaoqing and Sun, Jian},
  booktitle={Proceedings of the IEEE conference on computer vision and pattern recognition},
  pages={770--778},
  year={2016}
}


@inproceedings{szegedy2017inception,
  title={Inception-v4, inception-resnet and the impact of residual connections on learning.},
  author={Szegedy, Christian and Ioffe, Sergey and Vanhoucke, Vincent and Alemi, Alexander A},
  booktitle={AAAI},
  volume={4},
  pages={12},
  year={2017}
}


@inproceedings{huang2017densely,
  title={Densely Connected Convolutional Networks.},
  author={Huang, Gao and Liu, Zhuang and Van Der Maaten, Laurens and Weinberger, Kilian Q},
  booktitle={CVPR},
  volume={1},
  number={2},
  pages={3},
  year={2017}
}


@article{liu2017survey,
  title={A survey of deep neural network architectures and their applications},
  author={Liu, Weibo and Wang, Zidong and Liu, Xiaohui and Zeng, Nianyin and Liu, Yurong and Alsaadi, Fuad E},
  journal={Neurocomputing},
  volume={234},
  pages={11--26},
  year={2017},
  publisher={Elsevier}
}


@inproceedings{long2015fully,
  title={Fully convolutional networks for semantic segmentation},
  author={Long, Jonathan and Shelhamer, Evan and Darrell, Trevor},
  booktitle={Proceedings of the IEEE conference on computer vision and pattern recognition},
  pages={3431--3440},
  year={2015}
}


@inproceedings{ronneberger2015u,
  title={U-net: Convolutional networks for biomedical image segmentation},
  author={Ronneberger, Olaf and Fischer, Philipp and Brox, Thomas},
  booktitle={International Conference on Medical image computing and computer-assisted intervention},
  pages={234--241},
  year={2015},
  organization={Springer}
}


@inproceedings{he2017mask,
  title={Mask r-cnn},
  author={He, Kaiming and Gkioxari, Georgia and Doll{\'a}r, Piotr and Girshick, Ross},
  booktitle={Computer Vision (ICCV), 2017 IEEE International Conference on},
  pages={2980--2988},
  year={2017},
  organization={IEEE}
}


@article{haenssle2018man,
  title={Man against machine: diagnostic performance of a deep learning convolutional neural network for dermoscopic melanoma recognition in comparison to 58 dermatologists},
  author={Haenssle, HA and Fink, C and Schneiderbauer, R and Toberer, F and Buhl, T and Blum, A and Kalloo, A and Hassen, A and Thomas, L and Enk, A and others},
  journal={Annals of Oncology},
  year={2018}
}


@article{yu2018acral,
  title={Acral melanoma detection using a convolutional neural network for dermoscopy images},
  author={Yu, Chanki and Yang, Sejung and Kim, Wonoh and Jung, Jinwoong and Chung, Kee-Yang and Lee, Sang Wook and Oh, Byungho},
  journal={PloS one},
  volume={13},
  number={3},
  pages={e0193321},
  year={2018},
  publisher={Public Library of Science}
}


@article{zhang2017melanoma,
  title={Melanoma segmentation based on deep learning},
  author={Zhang, Xiaoqing},
  journal={Computer Assisted Surgery},
  volume={22},
  number={sup1},
  pages={267--277},
  year={2017},
  publisher={Taylor \& Francis}
}

@article{Tschandl2018_HAM10000,
  author    = {Philipp Tschandl and
               Cliff Rosendahl and
               Harald Kittler},
  title     = {The {HAM10000} dataset, a large collection of multi-source dermatoscopic
               images of common pigmented skin lesions},
  journal   = {Sci. Data},
  volume    = {5},
  year      = {2018},
  pages     = {180161},
  doi       = {10.1038/sdata.2018.161}
}